@book{bechhoefer2021,
  title = {Control {{Theory}} for {{Physicists}}},
  author = {Bechhoefer, John},
  year = {2021},
  publisher = {Cambridge University Press},
  address = {Cambridge},
  doi = {10.1017/9780511734809}
}

@article{lee2023,
  title = {The {{dotTHz Project}}: {{A Standard Data Format}} for {{Terahertz Time-Domain Data}}},
  shorttitle = {The {{dotTHz Project}}},
  author = {Lee, Jongmin and Leung, Chi Ki and Ma, Mingrui and {Ward-Berry}, Jasper and Santitewagun, Supawan and Zeitler, J. Axel},
  year = {2023},
  journal = {Journal of Infrared, Millimeter, and Terahertz Waves},
  volume = {44},
  number = {11},
  pages = {795--813},
  doi = {10.1007/s10762-023-00947-w}
}

@book{ljung1999a,
  title = {System Identification: Theory for the User / {{Lennart Ljung}}.},
  shorttitle = {System Identification},
  author = {Ljung, Lennart},
  year = {1999},
  series = {Prentice-{{Hall}} Information and System Sciences Series},
  edition = {2nd edition.},
  publisher = {Prentice Hall PTR, Prentice Hall},
  address = {Upper Saddle River, N.J.},
  lccn = {QA 402 L59 1999}
}

@article{mohtashemi2021,
  title = {Maximum-likelihood parameter estimation in terahertz time-domain spectroscopy},
  author = {Mohtashemi, Laleh and Westlund, Paul and Sahota, Derek G. and Lea, Graham B. and Bushfield, Ian and Mousavi, Payam and Dodge, J. Steven},
  year = {2021},
  journal = {Optics Express},
  volume = {29},
  number = {4},
  pages = {4912-4926},
  publisher = {Optical Society of America},
  doi = {10.1364/OE.417724}
}

@article{peretti2019,
  title = {{{THz-TDS Time-Trace Analysis}} for the {{Extraction}} of {{Material}} and {{Metamaterial Parameters}}},
  author = {Peretti, Romain and Mitryukovskiy, Sergey and Froberger, Kevin and Mebarki, Mohamed Aniss and Eliet, Sophie and Vanwolleghem, Mathias and Lampin, Jean-Francois},
  year = {2019},
  journal = {IEEE Transactions on Terahertz Science and Technology},
  volume = {9},
  number = {2},
  pages = {136--149},
  doi = {10.1109/TTHZ.2018.2889227}
}

@article{tayvah2021,
  title = {Nelly: {{A User-Friendly}} and {{Open-Source Implementation}} of {{Tree-Based Complex Refractive Index Analysis}} for {{Terahertz Spectroscopy}}},
  shorttitle = {Nelly},
  author = {Tayvah, Uriel and Spies, Jacob A. and Neu, Jens and Schmuttenmaer, Charles A.},
  year = {2021},
  journal = {Analytical Chemistry},
  volume = {93},
  number = {32},
  pages = {11243--11250},
  publisher = {American Chemical Society},
  doi = {10.1021/acs.analchem.1c02132}
}
